@misc{2006_overview,
  author       = {Richard Grammier},
  howpublished = {Site: \url{https://www.jpl.nasa.gov/missions/juno}},
  title        = {Overview of the Juno Mission to Jupiter},
  year         = {2006}
}
@article{valve_criticalities,
  author       = {Robert-Jan Koopmans et Al},
  title        = {Propellant Tank Pressurisation with Helium Filled Hollow Glass Microspheres},
  howpublished = {Paper},
  year         = {2015}
}

@article{repressurization,
  author       = {H. C. Hearn},
  title        = {Design and Development of a Large Bipropellant Slowdown Propulsion System},
  howpublished = {Paper},
  year         = {1995}
}

@misc{ariane_datasheet,
  author       = {Ariane Group},
  howpublished = {Site: \url{https://www.space-propulsion.com/}},
  title        = {Chemical bipropellant thruster family},
  year         = {2021}
}

@article{huzel_huang,
  author       = {Huzel and Huang},
  title        = {Modern Engineering for design of Liquid-Propellant Rocket Engines},
  howpublished = {Book},
  year         = {1992}
}

@article{sutton,
  author       = {G.P.Sutton},
  title        = {Rocket Propulsion Elements},
  howpublished = {Book},
  year         = {2017}
}